[gd_scene load_steps=6 format=3 uid="uid://d3ujnec7x8dco"]

[ext_resource type="Theme" uid="uid://ckp8gvf5508v4" path="res://ui/theme/Theme.tres" id="1_xnq65"]
[ext_resource type="PackedScene" uid="uid://qpxu6tn4vtsf" path="res://Map.tscn" id="2_rfugu"]
[ext_resource type="PackedScene" uid="uid://oygb041prbcu" path="res://Token.tscn" id="3_1qmqn"]
[ext_resource type="Script" path="res://TokenSpawner.gd" id="4_q6v0d"]
[ext_resource type="PackedScene" uid="uid://bent1m8wrk53o" path="res://ui/network/Network.tscn" id="5_peb2v"]

[node name="TestScene" type="Control"]
anchor_right = 1.0
anchor_bottom = 1.0
mouse_filter = 2
theme = ExtResource( "1_xnq65" )

[node name="Map" parent="." instance=ExtResource( "2_rfugu" )]

[node name="Token" parent="Map" instance=ExtResource( "3_1qmqn" )]
position = Vector2(191, 202)

[node name="TokenSpawner" type="MultiplayerSpawner" parent="Map"]
replication = [ExtResource( "3_1qmqn" )]
spawn_path = NodePath("..")
auto_spawn = true
script = ExtResource( "4_q6v0d" )
token_scn = ExtResource( "3_1qmqn" )

[node name="CommandBuffer" type="Node" parent="."]

[node name="HUD" type="CanvasLayer" parent="."]

[node name="NetworkConnection" parent="HUD" instance=ExtResource( "5_peb2v" )]
